% problematiche

@article{ dpi,
  title={The perils of deep packet inspection},
  author={Porter, T.},
  journal={Security Focus},
  year={2005},
  note={\url{http://www.symantec.com/connect/articles/perils-deep-packet-inspection}}
}

@inproceedings{ qos,
  title={Capacity overprovisioning for networks with resilience requirements},
  author={Menth, M. and Martin, R. and Charzinski, J.},
  booktitle={ACM SIGCOMM Computer Communication Review},
  volume={36},
  number={4},
  pages={87--98},
  year={2006},
  organization={ACM},
  note={\url{http://dl.acm.org/citation.cfm?id=1159925}}
}

@inproceedings{ ts,
  title={{Traffic Shaping in end systems attached to QoS-supporting networks}},
  author={Bechler, M. and Ritter, H. and Schafer, G. and Schiller, J.},
  booktitle={Computers and Communications, 2001. Proceedings. Sixth IEEE Symposium on},
  pages={296--301},
  year={2001},
  organization={IEEE},
  note={\url{http://ieeexplore.ieee.org/xpls/abs_all.jsp?arnumber=935390}}
}

@inproceedings{ lntc,
  title={Linux network traffic control—implementation overview},
  author={Almesberger, W. and others},
  booktitle={Sixth IEEE Symposium on},
  volume={2001},
  pages={296--301},
  year={1999},
  note = {\url{http://dcn.ssu.ac.kr/~softgear/Linux%20Network%20Traffic%20Control.pdf}}
}

@inproceedings{ lartc,
  title={Linux advanced routing \& traffic control},
  author={Hubert, B. and Graf, T. and Maxwell, G. and van Mook, R. and van Oosterhout, M. and Schroeder, P. and Spaans, J. and Larroy, P.},
  booktitle={Ottawa Linux Symposium},
  pages={213},
  year={2002},
  note={\url{http://www.linuxsymposium.org/archives/OLS/Reprints-2002/Proceedings-OLS2002.pdf#page=213}}
}

@article{ ps,
	author={Zhang, G. and others},
  title={EL938 Report: Packet Scheduling},
  year={2002},
  note={\url{http://eeweb.poly.edu/aatcn/pres_reps/Gzhang_packet_scheduling_report.pdf}}
}


% REG EXP for DPI

@inproceedings{ redpi0,
	author={Yu, F. and Chen, Z. and Diao, Y. and Lakshman, T.V. and Katz, R.H.},
  title={Fast and memory-efficient regular expression matching for deep packet inspection},
  booktitle={Architecture for Networking and Communications systems, 2006. ANCS 2006. ACM/IEEE Symposium on},
  pages={93--102},
  year={2006},
  organization={IEEE},
  note={\url{http://ieeexplore.ieee.org/xpls/abs_all.jsp?arnumber=4579527}
}

@article{ redpi1,
  title={Algorithms to accelerate multiple regular expressions matching for deep packet inspection},
  author={Kumar, S. and Dharmapurikar, S. and Yu, F. and Crowley, P. and Turner, J.},
  journal={ACM SIGCOMM Computer Communication Review},
  volume={36},
  number={4},
  pages={339--350},
  year={2006},
  publisher={ACM},
  note={\url{http://dl.acm.org/citation.cfm?id=1159952}}
}

@inproceedings{ redpi2,
  title={StriD$^2$FA: Scalable Regular Expression Matching for Deep Packet Inspection},
  author={Wang, X. and Jiang, J. and Tang, Y. and Liu, B. and Wang, X.},
  booktitle={Communications (ICC), 2011 IEEE International Conference on},
  pages={1--5},
  year={2011},
  organization={IEEE},
  note={\url{http://ieeexplore.ieee.org/xpls/abs_all.jsp?arnumber=5963289}}
}

@inproceedings{ redpi3,
  title={Deflating the big bang: fast and scalable deep packet inspection with extended finite automata},
  author={Smith, R. and Estan, C. and Jha, S. and Kong, S.},
  booktitle={ACM SIGCOMM Computer Communication Review},
  volume={38},
  number={4},
  pages={207--218},
  year={2008},
  organization={ACM},
  note={\url{http://dl.acm.org/citation.cfm?id=1402983}}
}


% tecnologie utilizzate

@Article{ pcap,
author = {Garcia, L.M.},
title = {{Programming with Libpcap - Sniffing the Network from our own application}},
journal = {Hakin9 - Computer Security Magazine},
year = {2008},
note = {\url{http://repo.mynooblife.org/Developpement/C/libpcapHakin9LuisMartinGarcia.pdf}}
}

@Misc{ pcap2,
author = {{Lawrence Berkeley National Labs}},
title = {libpcap},
year = {2012},
howpublished = {\url{http://www.tcpdump.org/}}
}

@inproceedings{ pfring,
  title={Improving passive packet capture: beyond device polling},
  author={Deri, L. and others},
  booktitle={Proceedings of SANE},
  volume={2004},
  pages={85},
  year={2004},
  note = {\url{http://luca.ntop.org/Ring.pdf}}
}

@Misc{ pfringdna,
author = {Deri, L.},
title = {{ntop.org, DNA PF\_RING}},
year = {2012},
howpublished = {\url{http://www.ntop.org/products/pf_ring/dna/}}
}

@Misc{ libzero,
author = {Deri, L.},
title = {{ntop.org, Libzero}},
year = {2012},
howpublished = {\url{http://www.ntop.org/products/pf_ring/libzero-for-dna/}}
}

@Misc{ ndpi,
author = {Deri, L.},
title = {{ntop.org, nDPI}},
year = {2012},
howpublished = {\url{http://www.ntop.org/products/ndpi/}}
}

@inproceedings{ napi,
  title={{Beyond Softnet}},
  author={Salim, J.H. and Olsson, R. and Kuznetsov, A.},
  booktitle={Proceedings of the 5th annual Linux Showcase \& Conference},
  pages={18--18},
  year={2001},
  note={\url{http://www.usenix.org/publications/library/proceedings/als01/full_papers/jamal/jamal.ps}}
}


% related work

@Misc{ pace,
author = {Ipoque},
title = {{PACE - Protocol and Application Classification Engine}},
year = {2012},
howpublished = {\url{http://www.ipoque.com/en/products/protocol-and-application-classification-engine}}
}

@Misc{ ixe,
author = {Qosmos},
title = {{ixEngine - Deep Packet Inspection and Metadata Extraction SDK}},
year = {2012},
howpublished = {\url{http://www.qosmos.com/deep-packet-inspection-and-metadata-extraction-sdk}}
}

@Misc{ l7filter,
author = {Sokoloski, D.},
title = {{L7-Filter - A classifier for Linux's Netfilter}},
year = {2011},
howpublished = {\url{http://l7-filter.clearfoundation.com/}}
}

@Misc{ ms,
author = {Unterkircher, A.},
title = {{MasterShaper - A network traffic shaper}},
year = {2011},
howpublished = {\url{http://www.mastershaper.org/index.php/MasterShaper}}
}

@inproceedings{ trickle,
	author={Eriksen, M.A.},
  title={Trickle: A userland bandwidth shaper for unix-like systems},
  booktitle={Proc. of the USENIX 2005 Annual Technical Conference, FREENIX Track},
  year={2005},
  note = {\url{http://monkey.org/~marius/trickle/trickle.pdf}}
}

@Misc{ libevent,
author = {Provos, N.},
title = {{Libevent - An asynchronous event library}},
year = {2012},
howpublished = {\url{http://libevent.org/}}
}

@Article{ qfq,
author = {Rizzo, L. and Checconi, F. and Valente, P.},
title = {{QFQ: Efficient Packet Scheduling with Tight Bandwidth Distribution Guarantees}},
year = {2012},
note = {\url{http://info.iet.unipi.it/~luigi/papers/20120309-qfq.pdf}}
}

@article{ dummynet,
  title={Dummynet revisited},
  author={Rizzo, L. and Carbone, M.},
  journal={ACM SIGCOMM Computer Communication Review},
  volume={40},
  number={2},
  pages={12--20},
  year={2010},
  publisher={ACM},
  note={\url{http://dl.acm.org/citation.cfm?id=1764873.1764876}}
}

@inproceedings{ netfilter,
  title={The netfilter framework in Linux 2.4},
  author={Welte, H.},
  booktitle={Proceedings of Linux Kongress},
  year={2000},
  note={\url{http://xn--kln-sna.ccc.de/archiv/congress/17c3-2000/netfilter-lk2000/netfilter.ps.gz}}
}

@Misc{ pfsense,
author = {{pfSense Team}},
title = {{pfSense - An open source firewall distribution}},
year = {2011},
howpublished = {\url{http://www.pfsense.org/}}
}

@Misc{ sonicwall,
author = {{SonicWall}},
title = {{SonicWALL, Inc. - Dynamic Security for the Global Network}},
year = {2012},
howpublished = {\url{http://www.sonicwall.com/}}
}


% libri

@book{ fsr,
	author={Cheswick, W.R. and Bellovin, S.M. and Rubin, A.D.},
  title={Firewalls and Internet security: repelling the wily hacker},
  isbn={978-0-201-63466-2},
  year={2003},
  publisher={Addison-Wesley Longman Publishing Co., Inc.}
}

@book{ gheorghe,
	author={Gheorghe, L.},
  title={Designing and Implementing Linux Firewalls and QoS using netfilter, iproute2, NAT, and L7-filter},
  isbn = {978-1-904-81165-7},
  year={2006},
  publisher={Packt Pub.}
}


% future

@article{ sse,
  title={Applications tuning for streaming SIMD extensions},
  author={Abel, J. and Balasubramanian, K. and Bargeron, M. and Craver, T. and Phlipot, M.},
  journal={Intel Technology Journal, Q},
  volume={2},
  pages={1999},
  year={1999},
  note={\url{http://download.intel.com/technology/itj/Q21999/PDF/apps_simd.pdf}}
}


% Non-Blocking Synchronization

@inproceedings{ fwsds,
  author={Kogan, A. and Petrank, E.},
  title={A methodology for creating fast wait-free data structures},
  booktitle={Proceedings of the 17th ACM SIGPLAN symposium on Principles and Practice of Parallel Programming},
  pages={141--150},
  year={2012},
  organization={ACM},
  note={\url{http://dl.acm.org/citation.cfm?id=2145835}}
}

@article{ lfpdp,
  title={Lock-free parallel dynamic programming},
  author={Stivala, A. and Stuckey, P.J. and Garcia de la Banda, M. and Hermenegildo, M. and Wirth, A.},
  journal={Journal of Parallel and Distributed Computing},
  volume={70},
  number={8},
  pages={839--848},
  year={2010},
  publisher={Elsevier},
  note={\url{http://www.sciencedirect.com/science/article/pii/S0743731510000110}}
}


% Trie

@article{ trie,
  title={{PATRICIA — Practical Algorithm To Retrieve Information Coded In Alphanumeric}},
  author={Morrison, D.R.},
  journal={Journal of the ACM (JACM)},
  volume={15},
  number={4},
  pages={514--534},
  year={1968},
  publisher={ACM},
  note={\url{http://dl.acm.org/citation.cfm?id=321481}}
}

@article{ hpt,
  title={Hashed patricia trie: efficient longest prefix matching in peer-to-peer systems},
  author={Kniesburges, S. and Scheideler, C.},
  journal={WALCOM: Algorithms and Computation},
  pages={170--181},
  year={2011},
  publisher={Springer},
  note={\url{http://www.springerlink.com/index/Q8035J7554184365.pdf}}
}

@inproceedings{ hat,
  title={HAT-trie: a cache-conscious trie-based data structure for strings},
  author={Askitis, N. and Sinha, R.},
  booktitle={Proceedings of the thirtieth Australasian conference on Computer science},
  volume={62},
  pages={97--105},
  year={2007},
  organization={Australian Computer Society, Inc.},
  note={\url{http://dl.acm.org/citation.cfm?id=1273749.1273761}}
}


% Traffic Shaping

@Book{ lba,
  title={{Computer Networks}},
  author={Tanenbaum, A.S.},
  isbn={978-0-13-066102-9},
  year={2003},
  publisher={New Jersey: Prentice Hall}
}

@Book{ tba,
 author = {Evans, J.W. and Filsfils, C.},
 title = {Deploying IP and MPLS QoS for Multiservice Networks: Theory \& Practice},
 year = {2007},
 isbn = {978-0-08-048868-4},
 publisher = {Morgan Kaufmann Publishers Inc.}
}

@article{ drr,
  title={Efficient fair queuing using deficit round-robin},
  author={Shreedhar, M. and Varghese, G.},
  journal={Networking, IEEE/ACM Transactions on},
  volume={4},
  number={3},
  pages={375--385},
  year={1996},
  publisher={IEEE},
  note={\url{http://ieeexplore.ieee.org/xpls/abs_all.jsp?arnumber=502236}}
}

@techreport{ rdtsc,
  title={{Using the RDTSC Instruction for Performance Monitoring}},
  author={Intel},
  year={1997},
  institution={Intel Coorporation},
  note={\url{http://www.ccsl.carleton.ca/~jamuir/rdtscpm1.pdf}}
}


% RFC

@misc{rfc3511,
  author="B. Hickman and D. Newman and S. Tadjudin and T. Martin",
  title="{Benchmarking Methodology for Firewall Performance}",
  series="Request for Comments",
  number="3511",
  howpublished="RFC 3511 (Informational)",
  publisher="IETF",
  organization="Internet Engineering Task Force",
  year=2003,
  month=apr,
  url="http://www.ietf.org/rfc/rfc3511.txt",
}
